@inproceedings{tera,
author = {Fumio Teraoka and Yasuhiko Yokote and Mario Tokoro},
title = "{A Network Architecture Providing Host Migration Transparency}",
booktitle = "{Proceedings of the Conference on Communications Architecture and Protocols, SIGCOMM 1991}",
pages = {209--220},
month = {August},
year = {1991},
}
